@inproceedings{drape2009creating,
    title = {Creating transformations for matrix obfuscation},
    author = {Drape, Stephen and Voiculescu, Irina},
    booktitle = {International Static Analysis Symposium},
    pages = {273--292},
    year = {2009},
    organization = {Springer},
}

@techreport{collberg1997taxonomy,
    title = {A taxonomy of obfuscating transformations},
    author = {Collberg, Christian and Thomborson, Clark and Low, Douglas},
    year = {1997},
    institution = {Department of Computer Science, The University of Auckland,
                   New Zealand},
}

@inproceedings{zhou2007information,
    title = {Information hiding in software with mixed boolean-arithmetic
             transforms},
    author = {Zhou, Yongxin and Main, Alec and Gu, Yuan X and Johnson, Harold},
    booktitle = {International Workshop on Information Security Applications},
    pages = {61--75},
    year = {2007},
    organization = {Springer},
}

@phdthesis{eyrolles2017obfuscation,
    title = {Obfuscation with Mixed Boolean-Arithmetic Expressions:
             reconstruction, analysis and simplification tools},
    author = {Eyrolles, Ninon},
    year = {2017},
    school = {Universit{\'e} Paris-Saclay},
}

@inproceedings{liu2021mba,
    title = {$\{$MBA-Blast$\}$: Unveiling and Simplifying Mixed $\{
             $Boolean-Arithmetic$\}$ Obfuscation},
    author = {Liu, Binbin and Shen, Junfu and Ming, Jiang and Zheng, Qilong and
              Li, Jing and Xu, Dongpeng},
    booktitle = {30th USENIX Security Symposium (USENIX Security 21)},
    pages = {1701--1718},
    year = {2021},
}
